<record><leader>00000cas a22000007a 4500</leader><controlfield tag="001">11984692</controlfield><controlfield tag="008">850501d18751881ohuwr ne      0    0eng d</controlfield><datafield ind1=" " ind2=" " tag="010"><subfield code="a">sn 85025954 </subfield></datafield><datafield ind1=" " ind2=" " tag="040"><subfield code="a">NPX</subfield><subfield code="b">eng</subfield><subfield code="c">NPX</subfield><subfield code="d">OCL</subfield><subfield code="d">ONP</subfield><subfield code="d">OCLCQ</subfield></datafield><datafield ind1=" " ind2=" " tag="042"><subfield code="a">msc</subfield></datafield><datafield ind1="0" ind2="0" tag="245"><subfield code="a">Columbiana true press.</subfield></datafield><datafield ind1=" " ind2=" " tag="260"><subfield code="a">Columbiana, O. [Ohio] :</subfield><subfield code="b">L. Arnold &amp; Bro.,</subfield><subfield code="c">1875-1881.</subfield></datafield><datafield ind1=" " ind2=" " tag="300"><subfield code="a">v.</subfield></datafield><datafield ind1=" " ind2=" " tag="310"><subfield code="a">Weekly</subfield></datafield><datafield ind1="0" ind2=" " tag="362"><subfield code="a">Vol. 1, no. 1 (July 14, 1875)-v. 7, no. 5 (Aug. 3, 1881).</subfield></datafield><datafield ind1=" " ind2=" " tag="752"><subfield code="a">United States</subfield><subfield code="b">Ohio</subfield><subfield code="c">Columbiana</subfield><subfield code="d">Columbiana.</subfield></datafield><datafield ind1="0" ind2="0" tag="785"><subfield code="t">Leetonia true press</subfield><subfield code="w">(DLC)sn 88078318</subfield></datafield></record>